@article{toet1989merging,
  title={Merging thermal and visual images by a contrast pyramid},
  author={Toet, Alexander and Van Ruyven, Lodewik J and Valeton, J Mathee},
  journal={Optical engineering},
  volume={28},
  number={7},
  pages={789--792},
  year={1989},
  publisher={SPIE}
}